@article{harvey2017man,
  title     = {Man vs. machine: Comparing discretionary and systematic hedge fund performance},
  author    = {Harvey, Campbell R and Rattray, Sandy and Sinclair, Andrew and Van Hemert, Otto},
  journal   = {The Journal of Portfolio Management},
  volume    = {43},
  number    = {4},
  pages     = {55--69},
  year      = {2017},
  publisher = {Institutional Investor Journals Umbrella}
}

@book{aldridge2013high,
  title     = {High-frequency trading: a practical guide to algorithmic strategies and trading systems},
  author    = {Aldridge, Irene},
  volume    = {604},
  year      = {2013},
  publisher = {John Wiley \& Sons}
}

@article{cornell2020medallion,
  title     = {Medallion Fund: The Ultimate Counterexample?},
  author    = {Cornell, Bradford},
  journal   = {The Journal of Portfolio Management},
  volume    = {46},
  number    = {4},
  pages     = {156--159},
  year      = {2020},
  publisher = {Institutional Investor Journals Umbrella}
}

@inproceedings{dinesh2021prediction,
  title        = {Prediction of Trends in Stock Market using Moving Averages and Machine Learning},
  author       = {Dinesh, Shoban and Rao, Nithin and Anusha, SP and Samhitha, R},
  booktitle    = {2021 6th International Conference for Convergence in Technology (I2CT)},
  pages        = {1--5},
  year         = {2021},
  organization = {IEEE}
}

@article{fama1970efficient,
  title     = {Efficient capital markets: A review of theory and empirical work},
  author    = {Fama, Eugene F},
  journal   = {The journal of Finance},
  volume    = {25},
  number    = {2},
  pages     = {383--417},
  year      = {1970},
  publisher = {JSTOR}
}